@article{greenwade93,
  author = "George D. Greenwade",
  title = "The {C}omprehensive {T}ex {A}rchive {N}etwork ({CTAN})",
  year = "1993",
  journal = "TUGBoat",
  volume = "14",
  number = "3",
  pages = "342--351",
}

@article{zhang2020privacy,
  title = "Privacy-preserving location queries with homomorphic encryption",
  author = "Zhang, Yifan and Li, Yingjiu and Wang, Robert H",
  journal = "Computers \& Security",
  volume = "99",
  pages = "102064",
  year = "2020",
  publisher = "Elsevier",
  doi = "10.1016/j.cose.2020.102064",
}
